
@INPROCEEDINGS{532315, 
	author={Butts, K. and Sivashankar, N. and Sun, J.}, 
	booktitle={American Control Conference, Proceedings of the 1995}, 
	title={Feedforward and feedback design for engine idle speed control using l1 optimization}, 
	year={1995}, 
	volume={4}, 
	pages={2587-2590 vol.4}, 
	keywords={angular velocity control;automobiles;control system synthesis;feedback;feedforward;internal combustion engines;linear quadratic control;optimisation;tracking;LQG optimal feedback control;automobiles;engine idle speed control;feedback;l1 optimal feedforward control;l1 optimization;optimal controller;steady-state tracking r;transient tracking;Actuators;Adaptive control;Control systems;Design optimization;Engines;Feedback;Optimal control;Steady-state;Sun;Velocity control}, 
	doi={10.1109/ACC.1995.532315},
}

@INPROCEEDINGS{4789342, 
	author={Powell, B.K. and Cook, J. A.}, 
	booktitle={American Control Conference, 1987}, 
	title={Nonlinear Low Frequency Phenomenological Engine Modeling and Analysis}, 
	year={1987}, 
	pages={332-340}, 
	keywords={Engine cylinders;Frequency;Fuels;Ignition;Internal combustion engines;Optimal control;Power system modeling;Sparks;Stability analysis;Vehicle dynamics},
}

@misc{octave,
	author = {{Octave community}},
	keywords = {Octave,Software},
	title = {{GNU/Octave}},
	url = {www.gnu.org/software/octave/},
	year = {2012}
}

@book{ogata1995discrete,
  title={Discrete-Time Control Systems},
  author={Ogata, K.},
  isbn={9780133286427},
  lccn={94019896},
  series={Prentice Hall International editions},
  year={1995},
  publisher={Prentice-Hall International}
}


@book{franklin1998digital,
  title={Digital Control of Dynamic Systems},
  author={Franklin, G.F. and Powell, J.D. and Workman, M.L.},
  isbn={9780201331530},
  lccn={97035994},
  series={Addison-Wesley world student series},
  year={1998},
  publisher={Addison-Wesley Longman, Incorporated}
}


